@article{athey2021matrix,
  title={Matrix completion methods for causal panel data models},
  author={Athey, Susan and Bayati, Mohsen and Doudchenko, Nikolay and Imbens, Guido and Khosravi, Khashayar},
  journal={Journal of the American Statistical Association},
  volume={116},
  number={536},
  pages={1716--1730},
  year={2021},
  publisher={Taylor \& Francis}
}


@article{abadie2003economic,
  title={The economic costs of conflict: A case study of the Basque Country},
  author={Abadie, Alberto and Gardeazabal, Javier},
  journal={American economic review},
  volume={93},
  number={1},
  pages={113--132},
  year={2003}
}

@article{abadie2010synthetic,
  title={Synthetic control methods for comparative case studies: Estimating the effect of Californiaâ€™s tobacco control program},
  author={Abadie, Alberto and Diamond, Alexis and Hainmueller, Jens},
  journal={Journal of the American statistical Association},
  volume={105},
  number={490},
  pages={493--505},
  year={2010},
  publisher={Taylor \& Francis}
}

@article{weld2020adjusting,
  title={Adjusting for confounders with text: Challenges and an empirical evaluation framework for causal inference},
  author={Weld, Galen and West, Peter and Glenski, Maria and Arbour, David and Rossi, Ryan and Althoff, Tim},
  journal={arXiv preprint arXiv:2009.09961},
  year={2020}
}


@article{keith2020text,
  title={Text and causal inference: A review of using text to remove confounding from causal estimates},
  author={Keith, Katherine A and Jensen, David and O'Connor, Brendan},
  journal={arXiv preprint arXiv:2005.00649},
  year={2020}
}

@inproceedings{veitch2020adapting,
  title={Adapting text embeddings for causal inference},
  author={Veitch, Victor and Sridhar, Dhanya and Blei, David},
  booktitle={Conference on Uncertainty in Artificial Intelligence},
  pages={919--928},
  year={2020},
  organization={PMLR}
}


@article{devlin2018bert,
  title={Bert: Pre-training of deep bidirectional transformers for language understanding},
  author={Devlin, Jacob and Chang, Ming-Wei and Lee, Kenton and Toutanova, Kristina},
  journal={arXiv preprint arXiv:1810.04805},
  year={2018}
}

@article{athey2022design,
  title={Design-based analysis in difference-in-differences settings with staggered adoption},
  author={Athey, Susan and Imbens, Guido W},
  journal={Journal of Econometrics},
  volume={226},
  number={1},
  pages={62--79},
  year={2022},
  publisher={Elsevier}
}

@article{guzman2021treatment,
  title={Treatment Effects in Strategic Management: With an Application to Choosing Early Stage Venture Capital},
  author={Guzman, Jorge},
  journal={Available at SSRN 3915606},
  year={2021}
}

@techreport{gelman2013ask,
  title={Why ask why? Forward causal inference and reverse causal questions},
  author={Gelman, Andrew and Imbens, Guido},
  year={2013},
  institution={National Bureau of Economic Research}
}

@inproceedings{athey2015machine,
  title={Machine learning and causal inference for policy evaluation},
  author={Athey, Susan},
  booktitle={Proceedings of the 21th ACM SIGKDD international conference on knowledge discovery and data mining},
  pages={5--6},
  year={2015}
}
